<record><leader>00000cas a22000007a 4500</leader><controlfield tag="001">17420127</controlfield><controlfield tag="008">880202d18861901ohudn ne      0    0eng d</controlfield><datafield ind1=" " ind2=" " tag="010"><subfield code="a">sn 88077120 </subfield></datafield><datafield ind1=" " ind2=" " tag="040"><subfield code="a">ONP</subfield><subfield code="b">eng</subfield><subfield code="c">ONP</subfield><subfield code="d">OCLCQ</subfield></datafield><datafield ind1=" " ind2=" " tag="042"><subfield code="a">msc</subfield></datafield><datafield ind1="0" ind2="0" tag="245"><subfield code="a">Piqua daily dispatch.</subfield></datafield><datafield ind1="3" ind2="0" tag="246"><subfield code="a">Daily dispatch</subfield></datafield><datafield ind1=" " ind2=" " tag="260"><subfield code="a">Piqua, Ohio :</subfield><subfield code="b">D.M. &amp; W.M. Fleming</subfield></datafield><datafield ind1=" " ind2=" " tag="310"><subfield code="a">Daily (except Sun.)</subfield></datafield><datafield ind1="1" ind2=" " tag="362"><subfield code="a">Began with Aug. 7, 1886 issue; ceased in 1901.</subfield></datafield><datafield ind1=" " ind2=" " tag="500"><subfield code="a">Published as: Daily dispatch, &lt;Dec. 18, 1895-Oct. 28, 1896&gt;.</subfield></datafield><datafield ind1=" " ind2=" " tag="588"><subfield code="a">Description based on: Vol. 16, no. 53 (July 27, 1892).</subfield></datafield><datafield ind1=" " ind2=" " tag="752"><subfield code="a">United States</subfield><subfield code="b">Ohio</subfield><subfield code="c">Miami</subfield><subfield code="d">Piqua.</subfield></datafield><datafield ind1="0" ind2="7" tag="785"><subfield code="t">Piqua daily leader</subfield><subfield code="w">(DLC)sn 88077121</subfield></datafield><datafield ind1="0" ind2="7" tag="785"><subfield code="t">Piqua leader-dispatch</subfield><subfield code="w">(DLC)sn 88077122</subfield></datafield></record>